% Encoding: UTF-8

@BOOK{Moore2002,
  title = {Introduction to the Practice of Statistics},
  publisher = {W. H. Freeman},
  year = {2002},
  author = {Moore, David and McCabe, George},
  owner = {jbuy519},
  timestamp = {2014.01.28}
}

@BOOK{Smits2011,
  title = {Onderzoek met SPSS en Excel},
  publisher = {Pearson Education},
  year = {2011},
  author = {Smits, Johan and Edens, Ronald},
  owner = {jbuy519},
  timestamp = {2014.01.23}
}

@Article{Sanders2012,
  author  = {Edel Sanders},
  date    = {2012},
  title   = {Investigating the relationship between musical training and mathematical thinking in children},
  url     = {https://www.researchgate.net/publication/269843780_Investigating_the_Relationship_Between_Musical_Training_and_Mathematical_Thinking_in_Children},
  comment = {Deze studie uitgevoerd door Edel Sanders, hoofd van The School of Psychology, The University of New York in Praag, tracht meer context te geven aan de vraag of muzikale vorming het wiskundig denken bevorderd. Sanders deed een studie bij 200 kinderen tussen de 7 en 8 jaar. Voor de duur van 9 maanden kregen de kinderen muzikale vormgeving. Het resultaat van deze studie kan je vinden in haar thesis genaamd Music Learning and Mathematics Achievement: A Real-World Study in English Primary Schools. Deze studie besluit dat muzikale vormgeving op regelmatige basis wel degelijk wiskundig inzicht positief beïnvloedt. 

In de studie bespreekt de auteur tal van anderen die ook onderzoek hebben gedaan naar de relatie tussen wiskunde en muziek, met de nadruk op hoe kinderen wiskundig inzicht ontwikkelen.
Nes en de Lange stellen dat een muziekstuk  een patroon is opgebouwd uit lijnen, punten en bogen. Inzicht in hoe een muziekstuk is opgebouwd vergt ruimtelijk inzicht dat men ook nodig heeft bij het maken van wiskundige berekeningen zoals optellen.
In de studie haalt de auteur het experiment van Rauscher aan dat resulteerde in het befaamde fenomeen het Mozart Effect. Rauscher’s onderzoek wees uit dat mensen die naar Mozart’s Sonate K.448. in D majeur kortstondig een boost kregen in hun ruimtelijk redeneren. 
Men kan de conclusies van deze studie als bedenkelijk beschouwen maar later zijn er nog enkele andere studies uitgevoerd die een link leggen tussen wiskunde en muziek.  
Betreffende link werd in een recente studie van Spelke onderzocht. 
Dit werd in een recente studie van Spelke nogmaals onderzocht.
Drie verschillende leeftijdsgroepen werden onderworpen aan een muzikale opleiding. Spelke kwam tot de conclusie dat de kinderen die middelmatige tot intensieve muzikale opleiding kregen significant hoger scoorden op geometrie en ruimtelijk inzicht.  
Om de bron van deze relatie bloot te leggen, voerde Spelke een experiment uit op peuters. Hierbij werd gekeken naar de duur van de noten en de lengte van visuele objecten. De peuters maakten al snel de connectie tussen de lengte van de objecten en de duratie van de noot en dit suggereert alweer de relatie tussen muzikaal en ruimtelijk inzicht. 
Om de bron van deze relatie bloot te leggen, voerde Spelke een experiment uit op peuters. Hierbij werd gekeken naar de duur van de noten en de lengte van visuele objecten. De peuters maakten al snel de connectie tussen de lengte van de objecten en de duratie van de noot en dit suggereert alweer de relatie tussen muzikaal en ruimtelijk inzicht.  

Later in de studie bespreekt Spelke hoe kinderen wiskundig denken ontwikkelen. Kinderen proberen continue patronen te vinden en structuur te creëren in de wereld. Dit is ook belangrijk bij het maken van muziek. Net zoals een wiskundige probeert de muzikant te zoeken naar patronen en oplossingen te vinden. 
Dit wordt verder door Nes en de Lange beaamt. Een muziekstuk is een patroon, opgebouwd uit lijnen, punten en bogen. Hoe een muziekstuk is opgebouwd vergt ruimtelijk inzicht dat men ook nodig heeft bij het maken van wiskundige berekeningen zoals optellen. 

In deze studie concludeert Sanders dat er wel degelijk een verband is tussen muzikale vormgeving en wiskundig denken. Ze pleit daarom voor meer onderzoek om het curriculum voor kinderen te verbeteren.},
}

@Article{Graziano1999,
  author             = {Graziano, A. B. and Peterson, M. and Shaw, G. L.},
  date               = {1999-03},
  journaltitle       = {Neurological research},
  title              = {Enhanced learning of proportional math through music training and spatial-temporal training.},
  issue              = {2},
  language           = {eng},
  pages              = {139-52},
  volume             = {21},
  abstract           = {It was predicted, based on a mathematical model of the cortex, that early music training would enhance spatial-temporal reasoning. We have demonstrated that preschool children given six months of piano keyboard lessons improved dramatically on spatial-temporal reasoning while children in appropriate control groups did not improve. It was then predicted that the enhanced spatial-temporal reasoning from piano keyboard training could lead to enhanced learning of specific math concepts, in particular proportional math, which is notoriously difficult to teach using the usual language-analytic methods. We report here the development of Spatial-Temporal Math Video Game software designed to teach fractions and proportional math, and its strikingly successful use in a study involving 237 second-grade children (age range six years eight months-eight years five months). Furthermore, as predicted, children given piano keyboard training along with the Math Video Game training scored significantly higher on proportional math and fractions than children given a control training along with the Math Video Game. These results were readily measured using the companion Math Video Game Evaluation Program. The training time necessary for children on the Math Video Game is very short, and they rapidly reach a high level of performance. This suggests that, as predicted, we are tapping into fundamental cortical processes of spatial-temporal reasoning. This spatial-temporal approach is easily generalized to teach other math and science concepts in a complementary manner to traditional language-analytic methods, and at a younger age. The neural mechanisms involved in thinking through fractions and proportional math during training with the Math Video Game might be investigated in EEG coherence studies along with priming by specific music.},
  article-doi        = {10.1080/01616412.1999.11740910},
  comment            = {In de studie wordt aangetoond dat kinderen die zes maanden pianolessen kregen vooruitgang maakten in ruimtelijk denken. Kinderen die deze muziektraining niet kregen boekten geen tot weinig vooruitgang.

Er wordt daarna een verband gezocht tussen ruimtelijk denken en het leren van wiskundige concepten, meerbepaald het verband tussen twee grootheden. De auteurs gaan er van uit dat als er een verband is tussen muzikale training en ruimtelijk denken en er een verband is tussen ruimtelijk denken en de mogelijkheid om wiskunde te leren er bijgevolg een verband is tussen muzikale training en talent voor wiskunde.

Ook voor dit tweede verband hebben de auterus een studie gedaan met een groep kinderen tussen 6 en 8 jaar oud. Iedereen kreeg uitleg over enkele wiskundige concepten via een videospel. Later werd ook de wiskunde kennis van de kinderen via dit spel getest. De kinderen die pianolessen gekregen hadden hoger dan zij zonder muzikale achtergrond.},
  completed          = {19990615},
  history            = {1999/04/01 00:00 [entrez]},
  keywords           = {Child, Female, Humans, Learning/*physiology, Male, *Mathematics, *Music, Neuropsychological Tests, Pilot Projects, *Problem Solving, *Space Perception, *Time Perception, Video Games},
  linking-issn       = {0161-6412},
  location           = {England},
  nlm-unique-id      = {7905298},
  owner              = {NLM},
  print-issn         = {0161-6412},
  publication-status = {ppublish},
  revised            = {20190921},
  source             = {Neurol Res. 1999 Mar;21(2):139-52. doi: 10.1080/01616412.1999.11740910.},
  status             = {MEDLINE},
  subset             = {IM},
  title-abbreviation = {Neurol Res},
}

@Article{Groussard2014,
  author       = {Mathilde Groussard and Fausto Viader and Brigitte Landeau and Béatrice Desgranges and Francis Eustache and Hervé Platel},
  date         = {2014},
  journaltitle = {Brain and Cognition},
  title        = {The effects of musical practice on structural plasticity: The dynamics of grey matter changes},
  doi          = {https://doi.org/10.1016/j.bandc.2014.06.013},
  issn         = {0278-2626},
  pages        = {174-180},
  url          = {https://www.sciencedirect.com/science/article/pii/S0278262614001109},
  volume       = {90},
  abstract     = {Intensive training and the acquisition of expertise are known to bring about structural changes in the brain. Musical training is a particularly interesting model. Previous studies have reported structural brain modifications in the auditory, motor and visuospatial areas of musicians compared with nonmusicians. The main goal of the present study was to go one step further, by exploring the dynamic of those structural brain changes related to musical experience. To this end, we conducted a regression study on 44 nonmusicians and amateur musicians with 0–26years of musical practice of a variety instruments. We sought first to highlight brain areas that increased with the duration of practice and secondly distinguish (thanks to an ANOVA analysis) brain areas that undergo grey matter changes after only limited years of musical practice from those that require longer practice before they exhibit changes. Results revealed that musical training results a greater grey matter volumes in different brain areas for musicians. Changes appear gradually in the left hippocampus and right middle and superior frontal regions, but later also include the right insula and supplementary motor area and left superior temporal, and posterior cingulate areas. Given that all participants had the same age and that we controlled for age and education level, these results cannot be ascribed to normal brain maturation. Instead, they support the notion that musical training could induce dynamic structural changes.},
  comment      = {De studie bouwt verder op studies die aantoonden dat muzikale training invloed heeft op de gehoor, motorieke en visuele delen van de hersenen. Deze studie gaat daarin verder en toont aan dat de hersenen dynamische structureel veranderen bij het bespelen van een muziekinstrument.

Om dit aan te tonen onderzochten de auteurs 44 mensen van dezelfde leeftijd en educatieve achtergrond. Daarvan waren er die geen instrument bespeelden. Bij zij die wel een instrument bespeelden waren dit verschillende instrumenten en niet iedereen speelde al even lang.

Er werd aangetoond dat er met de tijd meer grijze hersenmassa ontstaat wanneer men een muziekinstrument bespeelt. Eerst onstaat deze grijze hersenmassa in de linker hippocampus en frontale gebieden, daarna ook de rechter insula en motorieke gebieden.},
  keywords     = {Music, Training, Plasticity, MRI, VBM},
}

@Article{SantosLuiz2007,
  author  = {Carlos Santos-Luiz},
  date    = {2007},
  title   = {The learning of music as a means to improve mathematical skills},
  url     = {https://www.researchgate.net/publication/269843780_Investigating_the_Relationship_Between_Musical_Training_and_Mathematical_Thinking_in_Children},
  comment = {Dit werk heeft als doel de relatie tussen muziek en wiskunde beter te begrijpen. 
Ten eerste zijn er veel wiskundige concepten die terugkomen in muziek, onder meer in ritme, dynamiek, tempo en tal van andere.  Mathematische concepten zoals de Fibonacci sequentie en de Gulde Snede zijn ook terug te vinden in muziek composities. Tal van studies hebben uitgewezen dat muziek een positief effect heeft op het optimaliseren van het tijdelijke ruimtelijke inzicht.  Het onderzoek van Rauscher suggereerde dat om muziek te lezen we enkele vaardigheden nodig hebben die we ook terugvinden bij  ruimtelijk inzicht.},
}

@Thesis{Brown2017,
  author      = {Blakely M. Brown},
  date        = {2017-09},
  institution = {Northcentral University},
  title       = {An Inquiry into the Relationship Between Student MusicBackground and Academic Science Achievement –A Correlational Study},
  comment     = {Hierin wordt er geanalyseerd welke verbanden tussen academische , socio-economische status en muziekachtergrond  de beste wetenschappelijke prestaties leveren bij hogeschoolstudenten.},
}

@Thesis{Albright2011,
  author      = {Ruth E. Albright},
  date        = {2011-11},
  institution = {Northcentral University},
  title       = {The Impact of Music on Student Achievement in the Third and Fifth Grade Math Curriculum},
  comment     = {In deze studie wordt er onderzocht wat de impact van muziek is op de prestatie van een student wanneer muziek gebruikt wordt om wiskunde te geven op een beginnersniveau.},
}

@Article{Bosman2018,
  author   = {Else Bosman and Jeanine Breen},
  date     = {2018-06-25},
  title    = {De Relatie tussen het Bespelen van een Muziekinstrument & Rekenvaardigheid},
  url      = {https://dspace.library.uu.nl/handle/1874/371643},
  abstract = {Het belang van goed en adequaat kunnen rekenen is terug te vinden in ons dagelijks leven. Het huidige onderwijssysteem hecht daarom ook veel waarde aan de ontwikkeling van goede rekenvaardigheden en passend rekenonderwijs. In het onderwijs is men voortdurend op zoek naar geschikte methoden om dit te kunnen verwezenlijken. Het bespelen van een muziekinstrument zou mogelijk een rol kunnen spelen bij de ontwikkeling van goede rekenvaardigheden. Nog weinig bekendheid is hierover in de literatuur te vinden. Het doel van het huidige onderzoek is om nader in te gaan op de relatie tussen het bespelen van een muziekinstrument en de ontwikkeling van rekenvaardigheden. De vraag die in dit onderzoek centraal staat: “Is er een relatie tussen de accuratesse van het optellen en aftrekken van een rekentaak en het aantal uur besteed aan het bespelen van een muziekinstrument gemodereerd door sekse?” Dit is door middel van drie deelvragen en toetsend kwantitatief onderzoek bij kinderen onderzocht (N=161). De verdeling jongens (N=71) en meisjes(N=91) was ongeveer gelijk. Er zijn verschillende statistische analyses uitgevoerd, namelijk: Mann-Whitney U tets, Spearman’s Rank correlatie en een lineaire meervoudige regressie analyse. Uit de resultaten kwamen geen significante bevindingen naar voren. Limitaties en suggesties voor vervolgonderzoek zijn beschreven.},
  file     = {:C\:/Users/Houssam/Desktop/Bachelorthesis Bosman, EL-5743672 en Breen, GA-5633672.pdf:PDF},
}

@Article{An2013,
  author   = {Song An and Mary Margaret Capraro and Daniel A. Tillman},
  date     = {2013},
  title    = {Elementary Teachers Integrate Music Activities into Regular Mathematics Lessons: Effects onStudents’ Mathematical Abilities},
  url      = {https://eric.ed.gov/?id=EJ1018326},
  abstract = {This article presents exploratory research investigating the way teachers integrate music into their
regular mathematics lessons as well as the effects of music-mathematics interdisciplinary lessons
on elementary school students’ mathematical abilities of modeling, strategy and application.
Two teachers and two classes of first grade and third grade students (n=46) participated in the
present study. The two teachers designed and implemented music activities as an integrated
part of their regular mathematics lessons across five weeks. Results demonstrated that both
teachers integrated a variety of music activities with different mathematical content. The musicmath interdisciplinary lessons had positive effects on multiple mathematical ability areas.},
  file     = {:C\:/Users/Houssam/Desktop/EJ1018326.pdf:PDF},
  keywords = {Music-math interdisciplinary activities, math process abilities, elementary math education, MathEducation},
}

@Article{Guhn2020,
  author   = {Martin Guhn and Scott D. Emerson and Peter Gouzouasis},
  date     = {2020},
  title    = {A Population-Level Analysis of Associations Between School Music Participation and Academic Achievement},
  doi      = {https://doi.apa.org/fulltext/2019-34936-001.html},
  url      = {https://psycnet.apa.org/fulltext/2019-34936-001.html},
  abstract = {The present study employed population-level educational records from 4 public school student cohorts (n = 112,916; Grades 7–12) in British Columbia (Canada) to examine relationships between music education (any participation, type of participation, music achievement, and engagement level) and mathematics and science achievement in Grade 10 as well as English achievement in Grades 10 and 12, while controlling for language/cultural background, Grade 7 academic achievement, and neighborhood socioeconomic status. Music participation was related to higher scores on all 4 subjects and these relationships were stronger for instrumental music than vocal music (Cohen’s d range: .28 to .44 [small-medium effect sizes] and .05 to .13 [null-small effect sizes]). School music achievement positively related to scores on all subjects; such relationships were stronger for achievement in instrumental music compared with vocal music. Higher levels of music engagement (number of courses) was related to higher exam scores on all subjects; this pattern was more pronounced for very high engagement in instrumental music (d range: .37 to .55; medium effect sizes) compared with vocal music (d range: .11 to .26; small effect sizes). The effect sizes of these group differences are greater than the effect sizes corresponding to average annual gains of students’ academic achievement during high school—in other words, highly engaged instrumental music students were, on average, academically over 1 year ahead of their peers. The findings suggest that multiyear engagement in music, especially instrumental music, may benefit high school academic achievement. Findings and implications are discussed within the broader interdisciplinary literature on music learning.},
  comment  = {In deze studie worden de verschillen onderzocht tussen de prestaties van studenten die geëngageerd zijn met muziek en de prestaties van studenten die niet geëngageerd zijn met muziek. Er wordt een verschil gemaakt tussen instrumenteel en enkel vocaal.
De conclusies die uit dit onderzoek genomen kunnen worden zijn:
- er is een positieve associatie tussen geëngageerd zijn met muziek en wiskunde
- instrumentale bezigheid is beter dan enkel vocale; maar beide zijn beter dan niet bezig zijn met muziek
- hoe beter/meer je bezig bent met muziek, hoe beter de resultaten; er was echter sneller een limiet gevonden hoeveel beter je kan worden bij vocaal dan bij instrumenteel},
}

@Article{Boyd2013,
  author   = {Joshua Robert Boyd},
  date     = {2013-03},
  title    = {The Relationship between Music Participation and Mathematics Achievement in Middle School Students},
  url      = {https://core.ac.uk/download/pdf/129589679.pdf},
  abstract = {Joshua Boyd. (under the direction of Dr. Leonard W. Parker) School of Education,
Liberty University, March, 2013.
A comparative analysis was used to study the results from a descriptive survey of selected middle school students in Grades 6, 7, and 8. Student responses to the survey tool was used to compare multiple variables of music participation and duration of various musical activities, such as singing and performing on instruments, to the mathematics results from Georgia Criterion-Referenced Competency Test (Georgia Department of Education, 2011. The results were analyzed with the use of the Pearson r correlation coefficient. The intensity of relationships was assessed with analysis of variance (ANOVA). A final t-test of means was conducted to compare the mathematics achievement of students, who reported that they participated in musical activities vs. students, who reported no participation in musical activities. It was found that there was a positive correlation between students’ participation in music and their achievement in mathematics. In addition, there was a positive correlation between the variables of participation in vocal music and brass music, respectively, and mathematics achievement. The greatest correlation was between years of vocal music participation and mathematics achievement. The results from the ANOVA indicated that, when students participated in music for 3 years or more, there was a significant increase in mathematics scores. A final t-test of means indicated that there was no significant difference in the means of  mathematics scores between students who had participated in musical activities in comparison to students who did not participate in musical activities.},
  comment  = {In deze studie worden de punten van leerlingen uit een middelbare school vergeleken met elkaar aan de hand van hun muziekervaring. Er worden verschillende soorten muziekinstrumenten onderscheiden van elkaar, namelijk vocaal, koperblazers, houtblazers en slagwerk. De studenten werden gevraagd om een bevraging in te vullen met welke instrumenten ze bespeelden en hoe lang. Om te vergelijken welke studenten beter scoorden, werden vorige schoolresultaten gebruikt.
Het onderzoek besloot dat muziek weldegelijk een positieve invloed heeft op wiskundige resultaten. Hoe langer men met muziek bezig is, hoe beter de resultaten. 
Enkele nulhypotheses zijn aanvaardt. Dit is te verklaren doordat enkele soorten muziekinstrumenten nog niet zo lang bespeeld werden door de studenten. Onder andere hierdoor komt men op het besluit dat we pas echt een duidelijk verschil zien vanaf dat de leerlingen 3 jaar of langer bezig zijn met muziek.},
}

@Article{Sanders2018,
  author  = {Edel Sanders},
  date    = {2018},
  title   = {Music Learning and Mathematics Achievement: A Real-World Study in English Primary Schools},
  url     = {https://www.researchgate.net/publication/332094067_Music_Learning_and_Mathematics_Achievement_A_Real-World_Study_in_English_Primary_Schools},
  comment = {In deze thesis bevestigt Sanders de hypothese van eerder geschreven studie: Investigating the relationship between musical training and mathematical thinking in children. 

De studie werd uitgevoerd op 200 kinderen tussen de 7-8jaar van 5 verschillende lagere scholen doorheen een volledig schooljaar. 
De relatie tussen wiskundig inzicht en muzikale vormgeving werd getest doormiddel van zangles. De lessen werden opgedeeld in 3 muzikale elementen : vorm, melodie en ritme. Elke groep kinderen focuste op een ander element. In de helft van de lessen maakte de leraar expliciet de connectie met wiskunde, in de andere groepen deed de leraar dit niet. Zelfsal was de relatie tussen muziek en wiskunde duidelijk. 

De studenten van alle subgroepen werden op het einde van het jaar onderworpen aan allerlei testen die zowel hun muzikale vaardigheden als wiskundige kennis testte. 19 van de 24 subgroepen scoorden beter dan voorheen op hun wiskundige kennis.

De studie toont aan dat muzikale vormgeving doormiddel van zang een positief effect heeft op wiskundig inzicht.},
}

@Comment{jabref-meta: databaseType:biblatex;}
